@inproceedings{jcfand,
  author    = {Jean-Christophe Filliâtre and Léon Gondelman and Andrei Paskevich},
  title     = {The Spirit of Ghost Code},
  booktitle = {Computer Aided Verification (CAV 2014)},
  series    = {Lecture Notes in Computer Science},
  volume    = {8559},
  pages     = {1--16},
  year      = {2014},
  publisher = {Springer},
  doi       = {10.1007/978-3-319-08867-9\_1},
  url       = {https://hal.science/hal-00873187v3},
  note      = {26th International Conference, Vienna Summer of Logic, Austria}
}

@inproceedings{jh,
  TITLE = {{Creusot: a Foundry for the Deductive Verification of Rust Programs}},
  AUTHOR = {Denis, Xavier and Jourdan, Jacques-Henri and March{\'e}, Claude},
  URL = {https://inria.hal.science/hal-03737878},
  BOOKTITLE = {{Lecture Notes in Computer Science}},
  ADDRESS = {Madrid, Spain},
  PUBLISHER = {{Springer Verlag}},
  SERIES = {Lecture Notes in Computer Science},
  YEAR = {2022},
  MONTH = Oct,
  KEYWORDS = {Rust programming language ; Deductive program verification ; Aliasing and Ownership ; Prophecies ; Traits},
  PDF = {https://inria.hal.science/hal-03737878v1/file/main.pdf},
  HAL_ID = {hal-03737878},
  HAL_VERSION = {v1},
}

@INPROCEEDINGS{reynolds,
  author={Reynolds, J.C.},
  booktitle={Proceedings 17th Annual IEEE Symposium on Logic in Computer Science}, 
  title={Separation logic: a logic for shared mutable data structures}, 
  year={2002},
  volume={},
  number={},
  pages={55-74},
  keywords={Data structures;Computer science;Programmable logic arrays;Reflection;Logic programming;Computer languages;Logic arrays;Arithmetic;Artificial intelligence;Bibliographies},
  doi={10.1109/LICS.2002.1029817}}

@article{morris,
title = {Traversing binary trees simply and cheaply},
journal = {Information Processing Letters},
volume = {9},
number = {5},
pages = {197-200},
year = {1979},
issn = {0020-0190},
doi = {https://doi.org/10.1016/0020-0190(79)90068-1},
url = {https://www.sciencedirect.com/science/article/pii/0020019079900681},
author = {Joseph M. Morris},
keywords = {Binary trees, tree traversal}
}
